<?xml version="1.0" encoding="UTF-8"?><collection xmlns="http://www.loc.gov/MARC21/slim"><record><leader>00406nam--2200109-i-4500</leader><controlfield tag="001">000008175</controlfield><controlfield tag="002">20161230</controlfield><controlfield tag="005">20161230201027</controlfield><controlfield tag="008">060222s1000------------r-----000-0-eng-d</controlfield><datafield ind1=" " ind2=" " tag="245"><subfield code="a">Rodd s chemistry of carbon compounds. a modern comprehensive treatise. 2nd edition. vol.1, pa rt.d:dihydric alcohols. their oxidation produc ts and derivatives</subfield></datafield><datafield ind1=" " ind2=" " tag="260"><subfield code="a">Amsterdam, Elsevier Publ.Co.,1964-1965</subfield></datafield><datafield ind1=" " ind2=" " tag="700"><subfield code="a">Coffey, S</subfield></datafield></record></collection>